@book{barden2003,
	title={An Introduction to Differential Manifolds},
	author={Barden, Dennis and Thomas, Charles B.},
	isbn={9781860943553},
	year={2003},
	publisher={Imperial College Press}
}

@book{lafontaine2015,
	title={An Introduction to Differential Manifolds},
	author={Lafontaine, Jacques},
	isbn={9783319207346},
	year={2015},
	publisher={Springer International Publishing}
}

@book{lee2003,
	title={Introduction to Smooth Manifolds},
	author={Lee, Jonh M.},
	series={Graduate Texts in Mathematics},
	volume={218},
	isbn={9780387217529},
	year={2003},
	publisher={Springer-Verlag New York}
}